<marc:record xmlns:marc="http://www.loc.gov/MARC21/slim" xmlns:xsi="http://www.w3.org/2001/XMLSchema-instance" xsi:schemaLocation="http://www.loc.gov/MARC21/slim http://www.loc.gov/standards/marcxml/schema/MARC21slim.xsd">
  <marc:leader>00000cam a2200277u  45M</marc:leader>
  <marc:controlfield tag="001">001680313</marc:controlfield>
  <marc:controlfield tag="003">NNU</marc:controlfield>
  <marc:controlfield tag="005">20130415131526.0</marc:controlfield>
  <marc:controlfield tag="008">830602m19689999iq a     e    000 0 arar </marc:controlfield>
  <marc:datafield tag="010" ind1=" " ind2=" ">
    <marc:subfield code="a">68002144 /ne</marc:subfield>
  </marc:datafield>
  <marc:datafield tag="035" ind1="9" ind2=" ">
    <marc:subfield code="a">NYUb12223716</marc:subfield>
  </marc:datafield>
  <marc:datafield tag="035" ind1=" " ind2=" ">
    <marc:subfield code="a">(MNU)notisAMQ1434</marc:subfield>
  </marc:datafield>
  <marc:datafield tag="035" ind1=" " ind2=" ">
    <marc:subfield code="a">(CStRLIN)MNUGAMQ1434-B</marc:subfield>
    <marc:subfield code="z">(CStRLIN)MIUG83-B39386</marc:subfield>
  </marc:datafield>
  <marc:datafield tag="040" ind1=" " ind2=" ">
    <marc:subfield code="a">DLC</marc:subfield>
    <marc:subfield code="c">MiU</marc:subfield>
    <marc:subfield code="d">MiU</marc:subfield>
  </marc:datafield>
  <marc:datafield tag="050" ind1=" " ind2=" ">
    <marc:subfield code="a">PJ7816</marc:subfield>
    <marc:subfield code="b">.A44</marc:subfield>
  </marc:datafield>
  <marc:datafield tag="100" ind1="1" ind2=" ">
    <marc:subfield code="a">Baḥr al-ʻUlūm, Muḥammad Ṣāliḥ,</marc:subfield>
    <marc:subfield code="d">1909-</marc:subfield>
  </marc:datafield>
  <marc:datafield tag="240" ind1="1" ind2="0">
    <marc:subfield code="a">Dīwān</marc:subfield>
  </marc:datafield>
  <marc:datafield tag="245" ind1="1" ind2="0">
    <marc:subfield code="a">Dīwān Baḥr al-ʻUlūm.</marc:subfield>
  </marc:datafield>
  <marc:datafield tag="250" ind1=" " ind2=" ">
    <marc:subfield code="a">al-Ṭabʻah 1.</marc:subfield>
  </marc:datafield>
  <marc:datafield tag="260" ind1=" " ind2=" ">
    <marc:subfield code="a">Baghdād :</marc:subfield>
    <marc:subfield code="b">Maṭbaʻat Dār al-Taḍāmun,</marc:subfield>
    <marc:subfield code="c">1968-</marc:subfield>
  </marc:datafield>
  <marc:datafield tag="300" ind1=" " ind2=" ">
    <marc:subfield code="a">v. :</marc:subfield>
    <marc:subfield code="b">ill., ports. ;</marc:subfield>
    <marc:subfield code="c">24 cm.</marc:subfield>
  </marc:datafield>
  <marc:datafield tag="500" ind1=" " ind2=" ">
    <marc:subfield code="a">At head of title* Shāʻir al-shaʻb Muḥammad Ṣāliḥ Baḥr al-ʻUlūm.</marc:subfield>
  </marc:datafield>
  <marc:datafield tag="500" ind1=" " ind2=" ">
    <marc:subfield code="a">Cover title: Bahr al-Ulum divan/Mohamed Saleh Bahr al-Ulum.</marc:subfield>
  </marc:datafield>
  <marc:datafield tag="950" ind1=" " ind2=" ">
    <marc:subfield code="l">BMAIN</marc:subfield>
    <marc:subfield code="a">PJ7816</marc:subfield>
    <marc:subfield code="b">.A44 1968</marc:subfield>
  </marc:datafield>
  <marc:datafield tag="955" ind1=" " ind2=" ">
    <marc:subfield code="l">BMAIN</marc:subfield>
    <marc:subfield code="c">1:v.1</marc:subfield>
    <marc:subfield code="r">028864612</marc:subfield>
  </marc:datafield>
  <marc:datafield tag="955" ind1=" " ind2=" ">
    <marc:subfield code="l">BMAIN</marc:subfield>
    <marc:subfield code="c">1:v.2</marc:subfield>
    <marc:subfield code="r">028864679</marc:subfield>
  </marc:datafield>
  <marc:datafield tag="998" ind1=" " ind2=" ">
    <marc:subfield code="s">9115</marc:subfield>
  </marc:datafield>
</marc:record>
